<record xmlns="http://www.loc.gov/MARC21/slim" xmlns:xsi="http://www.w3.org/2001/XMLSchema-instance" xsi:schemaLocation="http://www.loc.gov/MARC21/slim http://www.loc.gov/standards/marcxml/schema/MARC21slim.xsd"><leader>     nam a22        4500</leader><controlfield tag="001">3068503</controlfield><controlfield tag="003">NNC</controlfield><controlfield tag="006">m        d        </controlfield><controlfield tag="007">cr cn |||m|||a</controlfield><controlfield tag="008">150316m19331938su      o     000 0 ara d</controlfield><datafield ind1=" " ind2=" " tag="040"><subfield code="a">NNU</subfield><subfield code="b">eng</subfield><subfield code="c">NNU</subfield></datafield><datafield ind1="1" ind2=" " tag="100"><subfield code="a">Azraqi&#772;, Muh&#803;ammad ibn &#699;Abd Alla&#772;h,</subfield><subfield code="d">-approximately 865.</subfield></datafield><datafield ind1="1" ind2="0" tag="245"><subfield code="a">Akhba&#772;r Makka wa ma&#772; ja&#772;&#700; fi&#772;ha&#772; min al-a&#772;tha&#772;r</subfield><subfield code="h">[electronic resource].</subfield></datafield><datafield ind1=" " ind2=" " tag="260"><subfield code="a">Makka,</subfield><subfield code="b">al-Mat&#803;b. al-Ma&#772;jidi&#772;ya,</subfield><subfield code="c">1352-57 [1933-38]</subfield></datafield><datafield ind1=" " ind2=" " tag="300"><subfield code="a">online resource (2 v. in 1.)</subfield></datafield><datafield ind1=" " ind2=" " tag="500"><subfield code="a">Part of the Arabic Collections Online (ACO) project, contributed by Columbia University Libraries.</subfield></datafield><datafield ind1=" " ind2=" " tag="533"><subfield code="a">Electronic reproduction.</subfield><subfield code="b">New York, N.Y. :</subfield><subfield code="c">New York University,</subfield><subfield code="d">2015.</subfield><subfield code="5">NNU</subfield></datafield><datafield ind1=" " ind2="0" tag="651"><subfield code="a">Mecca (Saudi Arabia)</subfield></datafield><datafield ind1=" " ind2="0" tag="651"><subfield code="a">Mecca (Saudi Arabia)</subfield><subfield code="x">History.</subfield></datafield><datafield ind1=" " ind2="7" tag="651"><subfield code="a">Saudi Arabia</subfield><subfield code="z">Mecca.</subfield><subfield code="2">fast</subfield><subfield code="0">(OCoLC)fst01204780</subfield></datafield><datafield ind1=" " ind2="7" tag="655"><subfield code="a">History.</subfield><subfield code="2">fast</subfield><subfield code="0">(OCoLC)fst01411628</subfield></datafield><datafield ind1="2" ind2=" " tag="710"><subfield code="a">Columbia University.</subfield><subfield code="b">Libraries.</subfield></datafield><datafield ind1="0" ind2=" " tag="730"><subfield code="a">Arabic Collections Online.</subfield></datafield><datafield ind1="0" ind2="8" tag="776"><subfield code="i">Print version:</subfield><subfield code="a">Azraqi&#772;, Muh&#803;ammad ibn &#699;Abd Alla&#772;h, -approximately 865.</subfield><subfield code="t">Akhba&#772;r Makka wa ma&#772; ja&#772;&#700; fi&#772;ha&#772; min al-a&#772;tha&#772;r</subfield><subfield code="w">(NNC)3068503</subfield><subfield code="w">(OCoLC)47810204</subfield></datafield><datafield ind1="4" ind2="0" tag="856"><subfield code="u">http://hdl.handle.net/2333.1/34tmpjcr</subfield></datafield><datafield ind1=" " ind2=" " tag="959"><subfield code="a">NNU</subfield><subfield code="b">WEB</subfield><subfield code="c">GENI</subfield><subfield code="t">0</subfield><subfield code="m">Electronic access</subfield><subfield code="s">01</subfield></datafield><datafield ind1=" " ind2=" " tag="999"><subfield code="i">NNC_3068503</subfield><subfield code="o">(OCoLC)ocm47810204 </subfield><subfield code="s">columbia_aco000288</subfield><subfield code="e">(ERROR-880)</subfield></datafield></record>